@online{www-mlperf,
    author = {MLPerf},
    title = {MLPerf},
    url = {https://mlperf.org/},
    month = apr,
    year = {2020},
}
